<?xml version="1.0" encoding="UTF-8"?><collection xmlns="http://www.loc.gov/MARC21/slim"><record><leader>00659nam--2200205-i-4500</leader><controlfield tag="001">000001555</controlfield><controlfield tag="002">20161230</controlfield><controlfield tag="005">20161230201024</controlfield><controlfield tag="008">060222s1000------------r-----000-0-eng-d</controlfield><datafield ind1=" " ind2=" " tag="020"><subfield code="a">824320069</subfield></datafield><datafield ind1=" " ind2=" " tag="040"><subfield code="a">IFIN-HH</subfield></datafield><datafield ind1=" " ind2=" " tag="080"><subfield code="a">523.31.550.3(082.1)</subfield></datafield><datafield ind1="1" ind2=" " tag="100"><subfield code="a">Donath, Fred A./S.A.</subfield></datafield><datafield ind1="1" ind2="0" tag="245"><subfield code="a">Annual review of earth and planetary sciences</subfield><subfield code="b">Volume 6</subfield><subfield code="c">Fred a. donath, francis g. stehli, george w. wetherill (eds.)</subfield></datafield><datafield ind1=" " ind2=" " tag="260"><subfield code="a">Palo Alto, California</subfield><subfield code="b">Annual Reviews Inc</subfield><subfield code="c">1978</subfield></datafield><datafield ind1=" " ind2=" " tag="300"><subfield code="a">543P</subfield></datafield><datafield ind1=" " ind2=" " tag="490"><subfield code="a">Annual Review Of Earth And Planetary Sciences</subfield></datafield><datafield ind1="1" ind2=" " tag="700"><subfield code="a">Wetherill, George W</subfield><subfield code="e">Ed</subfield></datafield><datafield ind1=" " ind2=" " tag="852"><subfield code="a">46534</subfield><subfield code="c">523</subfield></datafield><datafield ind1=" " ind2=" " tag="CAT"><subfield code="a">Sys</subfield><subfield code="c">20141202</subfield><subfield code="h">185943</subfield></datafield></record></collection>